@ELECTRONIC{2500arduinos,
  author = {David Kushner},
  title = {The Making of Arduino},
  url = {http://spectrum.ieee.org/geek-life/hands-on/the-making-of-arduino},
  year = {2011},
  urlaccessdate = {18/05/2014},
}

@book{dennis2013raspberry,
  title={Raspberry Pi Home Automation with Arduino},
  author={Dennis, Andrew K},
  year={2013},
  publisher={Packt Publishing Ltd}
}
